@book{boron,
    author = {Boron, Walter F.},
    isbn = {1-4160-2328-3},
    publisher = {Elsevier/Saunders},
    title = {Medical Physiology: A Cellular And Molecular Approach},
    Pages = {761},
    year  = {2005}
}

@ONLINE{hsr,
author = {Fondazione San Raffaele del Monte Tabor di Milano},
title = {Trapianto di rene \texttt{http://www.sanraffaele.org/61903.html}},
year = {giugno 2011},
url = {http://www.sanraffaele.org/61903.html}
}

@Article{colussi,
   Author="Colussi, G.  and Frattini, G. ",
   Title="{{Q}uantitative analysis of convective dose in hemofiltration and hemodiafiltration: "predilution" vs. "postdilution" reinfusion}",
   Journal="Hemodial Int",
   Year="2007",
   Volume="11",
   Pages="76--85",
   Month="Jan"
}

@Article{masakane,
   Author="Masakane, I. ",
   Title="{{S}election of dilutional method for on-line {H}{D}{F}, pre- or post-dilution}",
   Journal="Blood Purif.",
   Year="2004",
   Volume="22 Suppl 2",
   Pages="49--54"
}


@article{hemez,
   Author="Hemez, F. M. and Ben-Haim, Y.",
   Title="{{T}he good, the bad, and the ugly of predictive science}",
   Journal="$4^{th}$ International Conference on Sensitivity Analysis of Model Output. Santa Fe, NM, USA, March 8-11",
   Year="2004"
}

@Article{myung,
   Author="Myung, J. I.  and Tang, Y.  and Pitt, M. A. ",
   Title="{{E}valuation and comparison of computational models}",
   Journal="Meth. Enzymol.",
   Year="2009",
   Volume="454",
   Pages="287--304"
}

@Article{ficheux,
   Author="Ficheux, A.  and Kerr, P. G.  and Brunet, P.  and Argiles, A. ",
   Title="{{T}he ultrafiltration coefficient of a dialyser ({K}{U}{F}) is not a fixed value, and it follows a parabolic function: the new concept of {K}{U}{F} max}",
   Journal="Nephrol. Dial. Transplant.",
   Year="2011",
   Volume="26",
   Pages="636--640",
   Month="Feb"
}

@Article{gmerek,
   Author="Pedrini, L. A.  and Gmerek, A.  and Wagner, J. ",
   Title="{{E}fficiency of post-dilution hemodiafiltration with a high-flux $\alpha$-polysulfone dialyzer}",
   Journal="Int J Artif Organs",
   Year="2011",
   Volume="34",
   Pages="397--404"
}

@Article{samtleben,
   Author="Samtleben, W.  and Dengler, C.  and Reinhardt, B.  and Nothdurft, A.  and Lemke, H. D. ",
   Title="{{C}omparison of the new polyethersulfone high-flux membrane {D}{I}{A}{P}{E}{S} {H}{F}800 with conventional high-flux membranes during on-line haemodiafiltration}",
   Journal="Nephrol. Dial. Transplant.",
   Year="2003",
   Volume="18",
   Pages="2382--2386"
}

@unpublished{costantino,
    author = {Costantino, M. L.},
    title = {Progettazione di sistemi di supporto alla vita},
    note = {Dispense del corso},
    year = {2011}
}


@book{bib:sensitivity,
    author = {Saltelli, A. and Ratto, M. and Andres, T. and Campolongo, F. and Cariboni, J. and Gatelli, D. and Saisana, M. and Tarantola, S.},
    title = {Global Sensitivity Analysis. The primer},
    publisher = {Wiley},    
    year = {2008}
}

@INBOOK{guyton,
   author = "Arthur C. Guyton and John E. Hall",
   title = "Fisiologia medica",
   publisher = "Masson",
   year = "2006",
   chapter = "4, 25--31"
}

@BOOK{salsa,
   author = "Sandro Salsa",
   title = "Equazioni a derivate parziali. Metodi, modelli e applicazioni",
   publisher = "Springer",
   year = "2007"
}
@BOOK{peirce,
   author = "Charles Sanders Peirce",
   title = "Opere",
   publisher = "Bompiani",
   year = "2003"
}
@BOOK{khoo,
   author = "Michael C.K. Khoo",
   title = "Physiological Control Systems. Analysis, simulation, and estimation",
   publisher = "Wiley-IEEE Press",
   year = "2000"
}


@article{Nelder-Mead,
    author = "Jeffrey C. Lagarias and James A. Reeds and Margaret H. Wright and Paul E. Wright",
    title = "Convergence Properties of the {N}elder-{M}ead Simplex Method in Low Dimensions",
    journal = "SIAM Journal of Optimization",
    year = "1998",
    volume = "9",
    pages = "112--147"
}

@Article{L-P,
   Author="Geranton, F.  and Chantrel, F.  and Bouiller, M.  and Muller, S.  and Kolb, I.  and Moulin, B.  and Hannedouche, T. ",
   Title="{{P}rediction of colloid osmotic pressure in renal patients}",
   Journal="Clin. Nephrol.",
   Year="2000",
   Volume="53",
   Pages="269--275"
}

@Article{trasp-att,
   Author="Ciandrini, A.  and Severi, S.  and Cavalcanti, S.  and Fontanazzi, F.  and Grandi, F.  and Buemi, M.  and Mura, C.  and Bajardi, P.  and Badiali, F.  and Santoro, A. ",
   Title="{{M}odel-based analysis of potassium removal during hemodialysis}",
   Journal="Artif Organs",
   Year="2009",
   Volume="33",
   Pages="835--843"
}

@article{articolo_donnan,
author = {Donnan, F. G.},
title = {The Theory of Membrane Equilibria.},
journal = {Chemical Reviews},
volume = {1},
number = {1},
pages = {73-90},
year = {1924}
}

@PHDTHESIS{casagrande,
AUTHOR = {Casagrande, G.},
TITLE = {Hydro-electrolytic equilibrium and cardiac mechanics alterations in hemodialysis patients.},
SCHOOL = {Politecnico di Milano},
YEAR = {2007},
NOTE = {Research Doctorate course in Bioengineering, XIX cycle}
}

@MASTERTHESIS{gatti,
AUTHOR = {Gatti, R.},
TITLE  = {Modello tricompartimentale del trasporto di massa nel paziente emodialitico},
SCHOOL = {Tesi di Laurea Specialistica - Politecnico di Milano},
YEAR   = {Tesi di Laurea Specialistica - Politecnico di Milano - AA 2004--2005}
}

@MASTERTHESIS{SilvTer,
AUTHOR = {Silvestri, C. and Terenghi, S.M.},
TITLE  = {Studio del trasporto di massa paziente dipendente durante emodialisi.},
SCHOOL = {Tesi di Laurea Specialistica - Politecnico di Milano},
YEAR   = {Tesi di Laurea Specialistica - Politecnico di Milano - AA 2006--2007}
}

@MASTERTHESIS{merulla,
AUTHOR = {Merulla, P.},
TITLE  = {Modello matematico degli equilibri idro-elettrolitici durante emodialisi : ottimizzazione della cinetica di calcio e fosfato, analisi del plasma refilling.},
SCHOOL = {Tesi di Laurea Specialistica - Politecnico di Milano -},
YEAR   = {Tesi di Laurea Specialistica - Politecnico di Milano - AA 2009--2010}
}

@BOOK{fisica,
   author = "Borsa, F. and Scannicchio D.",
   title = "FISICA con applicazioni in biologia e in medicina",
   publisher = "Unicopli",
   year = "1992"
}

@INBOOK{original_L-P,
   author = "Landis, E. M. and Pappenheimer, J. R.",
   title = "Exchange of substances through the capillary walls",
   series = "Handbook of Physiology",
   publisher = "Americal Physiological Society",
   section = "2",
   volume = "2",
   chapter = "29",
   pages = "961--1034",
   year = 1962
}

@Article{corrected_L-P,
   Author="Nitta, S.  and Ohnuki, T.  and Ohkuda, K.  and Nakada, T.  and Staub, N. C. ",
   Title="{{T}he corrected protein equation to estimate plasma colloid osmotic pressure and its development on a nomogram}",
   Journal="Tohoku J. Exp. Med.",
   Year="1981",
   Volume="135",
   Pages="43--49"
}

@Article{leber,
   Author="Leber, H. W.  and Wizemann, V.  and Goubeaud, G.  and Rawer, P.  and Schutterle, G. ",
   Title="{{H}emodiafiltration: a new alternative to hemofiltration and conventional hemodialysis}",
   Journal="Artif Organs",
   Year="1978",
   Volume="2",
   Pages="150--153"
}

@Article{evolutionHDF,
   Author="Ronco, C. ",
   Title="{{E}volution of hemodiafiltration}",
   Journal="Contrib Nephrol",
   Year="2007",
   Volume="158",
   Pages="9--19"
}

@Article{pedrini,
   Author="Pedrini, L. A.  and Zerbi, S. ",
   Title="{{M}ixed-dilution hemodiafiltration}",
   Journal="Contrib Nephrol",
   Year="2007",
   Volume="158",
   Pages="123--130"
}

@Article{miller,
   Author="Miller, J. H.  and von Albertini, B.  and Gardner, P. W.  and Shinaberger, J. H. ",
   Title="{{T}echnical aspects of high-flux hemodiafiltration for adequate short (under 2 hours) treatment}",
   Journal="Trans Am Soc Artif Intern Organs",
   Year="1984",
   Volume="30",
   Pages="377--381"
}

@INBOOK{burton,
   author = "Alan C. Burton",
   title = "Fisiologia e biofisica della circolazione",
   publisher = "Il pensiero scientifico editore",
   year = "1983",
   chapter = "1"
}

@INBOOK{bronzino,
   author = "Bronzino, J. D.",
   title = "The Biomedical Engineering Handbook",
   publisher = "CRC Press",
   year = "1999",
   chapter = "130: Artificial Kidney"
}

@Article{colton,
   Author="Colton, C. K.  and Henderson, L. W.  and Ford, C. A.  and Lysaght, M. J. ",
   Title="{{K}inetics of hemodiafiltration. {I}. {I}n vitro transport characteristics of a hollow-fiber blood ultrafilter}",
   Journal="J. Lab. Clin. Med.",
   Year="1975",
   Volume="85",
   Pages="355--371"
}

@incollection{sargent,
        author = "Sargent, J. A. and Gotch, A.",
        title = "{Principles and biophysics of dialysis}",
        booktitle = "Replacement of renal function by dialysis ($4^{th}$ed.)",
        chapter = 2,
        year = 1996,
        publisher = "Springer"
}

@Article{hoenich,
   Author="Hoenich, N. A. ",
   Title="{{M}embranes and filters for haemodiafiltration}",
   Journal="Contrib Nephrol",
   Year="2007",
   Volume="158",
   Pages="57--67"
}

@Article{canaud,
   Author="Canaud, B. ",
   Title="{{O}nline hemodiafiltration. {T}echnical options and best clinical practices}",
   Journal="Contrib Nephrol",
   Year="2007",
   Volume="158",
   Pages="110--122"
}

@Article{pedrini2,
   Author="Pedrini, L. A.  and De Cristofaro, V.  and Pagliari, B.  and Sama, F. ",
   Title="{{M}ixed predilution and postdilution online hemodiafiltration compared with the traditional infusion modes}",
   Journal="Kidney Int.",
   Year="2000",
   Volume="58",
   Pages="2155--2165"
}

@PHDTHESIS{morel,
AUTHOR = {Morel Hélène},
TITLE = {Equilibre acide-base lors de lhémodiafiltration en ligne : modélisation, analyses in vitro et clinique des transferts de bicarbonate.},
SCHOOL = {Université de Technologie de Compiègne},
YEAR = {2009},
NOTE = {Laboratoire UMR6600 : BioMécanique et BioIngénierie (BMBI)}
}

@Article{Liao,
   Author="Liao, Z.  and Klein, E.  and Poh, C.K.  and Huang, Z. and Lu, J. and Hardy, P.A. and Gao, D. ",
   Title="{{M}easurement of hollow fiber membrane transport properties in hemodialyzers}",
   Journal="Journal of membrane science",
   Year="2005",
   Volume="256",
   Pages="176--183"
}

@Article{creatinine,
   Author="Carrie, B. J.  and Golbetz, H. V.  and Michaels, A. S.  and Myers, B. D. ",
   Title="{{C}reatinine: an inadequate filtration marker in glomerular diseases}",
   Journal="Am. J. Med.",
   Year="1980",
   Volume="69",
   Pages="177--182",
}

@Article{ursino,
   Author="Ursino, M.  and Coli, L.  and Brighenti, C.  and Chiari, L.  and de Pascalis, A.  and Avanzolini, G. ",
   Title="{{P}rediction of solute kinetics, acid-base status, and blood volume changes during profiled hemodialysis}",
   Journal="Ann Biomed Eng",
   Year="2000",
   Volume="28",
   Pages="204--216"
}

@Article{ursino2,
   Author="Ursino, M.  and Innocenti, M. ",
   Title="{{M}odeling arterial hypotension during hemodialysis}",
   Journal="Artif Organs",
   Year="1997",
   Volume="21",
   Pages="873--890"
}

@Article{ursino3,
   Author="Ursino, M.  and Coli, L.  and Magosso, E.  and Capriotti, P.  and Fiorenzi, A.  and Baroni, P.  and Stefoni, S. ",
   Title="{{A} mathematical model for the prediction of solute kinetics, osmolarity and fluid volume changes during hemodiafiltration with on-line regeneration of ultrafiltrate ({H}{F}{R})}",
   Journal="Int J Artif Organs",
   Year="2006",
   Volume="29",
   Pages="1031--1041"
}

@Article{gyenge,
   Author="Gyenge, C. C.  and Bowen, B. D.  and Reed, R. K.  and Bert, J. L. ",
   Title="{{T}ransport of fluid and solutes in the body {I}. {F}ormulation of a mathematical model}",
   Journal="Am. J. Physiol.",
   Year="1999",
   Volume="277",
   Pages="H1215--1227"
}

@Article{gyenge2,
   Author="Gyenge, C. C.  and Bowen, B. D.  and Reed, R. K.  and Bert, J. L. ",
   Title="{{T}ransport of fluid and solutes in the body {I}{I}. {M}odel validation and implications}",
   Journal="Am. J. Physiol.",
   Year="1999",
   Volume="277",
   Pages="H1228--1240"
}

@Article{bib:fosfato,
   Author="Spalding, E. M.  and Chamney, P. W.  and Farrington, K. ",
   Title="{{P}hosphate kinetics during hemodialysis: {E}vidence for biphasic regulation}",
   Journal="Kidney Int.",
   Year="2002",
   Volume="61",
   Pages="655--667"
}

@Article{bib:history,
   Author="Ronco, C.  and Cruz, D. ",
   Title="{{H}emodiafiltration history, technology, and clinical results}",
   Journal="Adv Chronic Kidney Dis",
   Year="2007",
   Volume="14",
   Pages="231--243"
}

% 17684344 
@Article{bib:tech,
   Author="Polaschegg, H. D.  and Roy, T. ",
   Title="{{T}echnical aspects of online hemodiafiltration}",
   Journal="Contrib Nephrol",
   Year="2007",
   Volume="158",
   Pages="68--79"
}

@Article{bib:meert,
   Author="Meert, N.  and Eloot, S.  and Waterloos, M. A.  and Van Landschoot, M.  and Dhondt, A.  and Glorieux, G.  and Ledebo, I.  and Vanholder, R. ",
   Title="{{E}ffective removal of protein-bound uraemic solutes by different convective strategies: a prospective trial}",
   Journal="Nephrol. Dial. Transplant.",
   Year="2009",
   Volume="24",
   Pages="562--570"
}

@Article{pedrini3,
   Author="Pedrini, L. A.  and De Cristofaro, V. ",
   Title="{{O}n-line mixed hemodiafiltration with a feedback for ultrafiltration control: effect on middle-molecule removal}",
   Journal="Kidney Int.",
   Year="2003",
   Volume="64",
   Pages="1505--1513"
}

@Article{bib:wratten,
   Author="Wratten, M. L.  and Ghezzi, P. M. ",
   Title="{{H}emodiafiltration with endogenous reinfusion}",
   Journal="Contrib Nephrol",
   Year="2007",
   Volume="158",
   Pages="94--102"
}
